
@misc{oetiker2010not,
  title={The Not So Short Introduction to {\LaTeX} },
  author={Oetiker, Tobias and Partl, Hubert and Hyna, Irene and Schlegl, Elisabeth},
  year={2010},
  publisher={Citeseer}
}

@article{forbes2011documentation,
  title={Documentation for the ubcthesis\_new LATEX Class.},
  author={Forbes, Michael McNeil},
  year={2011}
}
