@book{calder1979einstein,
  title={Einstein's universe},
  author={Calder, Nigel and Albert, Einstein},
  year={1979},
  publisher={Viking Press}
}