@article{TPJ,
author = {Higaki, Takumi and Kutsuna, Natsumaro and Sano, Toshio and Kondo, Noriaki and Hasezawa, Seiichiro},
title = {Quantification and cluster analysis of actin cytoskeletal structures in plant cells: role of actin bundling in stomatal movement during diurnal cycles in Arabidopsis guard cells},
journal = {The Plant Journal},
volume = {61},
number = {1},
publisher = {Blackwell Publishing Ltd},
issn = {1365-313X},
doi = {10.1111/j.1365-313X.2009.04032.x},
pages = {156--165},
keywords = {image analysis, actin, stomatal movement, diurnal cycle, Arabidopsis},
year = {2010},
}
